@misc{makar2014automatic,
  title={Automatic message selection with a chatbot},
  author={Makar, Michael G and Tindall, Tracy A},
  year={2014},
  month=may # "~27",
  publisher={Google Patents},
  note={US Patent 8,738,739}
}
@article{patil2017comparative,
  title={Comparative study of cloud platforms to develop a Chatbot},
  author={Patil, Amit and Marimuthu, K and Niranchana, R and others},
  journal={International Journal of Engineering \& Technology},
  volume={6},
  number={3},
  pages={57--61},
  year={2017}
}
@misc{ wiki:leadgen2018,
       author = "Wikipedia",
       title = "Lead generation --- Wikipedia{,} La enciclopedia libre",
       year = "2017",
       url = "https://es.wikipedia.org/w/index.php?title=Lead_generation&oldid=100273118",
       note = "[Internet; descargado 23-enero-2018]"
}
@misc{moremessage2016,
	  title={More Than a Message: The Evolution of Conversation}, 
      url={https://insights.fb.com/morethanamessage/}, 
      journal={More Than a Message: The Evolution of Conversation | Facebook IQ}, 
      author={Facebook.Inc}}

@Misc{zuckerberg2017results,
  author =       {Zuckerberg, Mark},
  title =        {Third Quarter 2017 Results	Conference	Call},
  year =         {2017},
  month =        {11},
  note =         {Remarks by CEO Mark Zuckerberg at the Third Quarter 2017 Results	Conference	Call [Accessed: 2018 01 22]},
url ={https://s21.q4cdn.com/399680738/files/doc_financials/2016/Q4/Q4'16-Earnings-Transcript.pdf},
}

@ONLINE{niefelderwin2017,
		author = {Niefeld,Hendrik},
		title = {Knotty riddles and clues to solve them.},
		month = jan,
		year = {2018},
		url = {http://taell.me/erwin/}
}


@ONLINE{niefeldrorschach2017,
		author = {Niefeld,Hendrik},
		title = {Learn more about your personality.},
		month = jan,
		year = {2018},
		url = {http://taell.me/rorschach-test/}
}
@ONLINE{klm2016messenger,
		title = {KLM on Messenger},
		month = jan,
		year = {2018},
		url = {https://bb.klm.com/en}
}

@ONLINE{swelly2017messenger,
		title = {Make better decisions with friends},
		month = jan,
		year = {2018},
		url = {https://botlist.co/bots/swelly}
}

@ONLINE{donotpay2017,
		title = {World's first robot lawyer' now available in all 50 states},
		author = {Liao, S.},
		month = jan,
		year = {2018},
		url = {https://www.theverge.com/2017/7/12/15960080/chatbot-ai-legal-donotpay-us-uk}

}
        
@misc{wiki:Xiaonic,
    author = "Wikipedia contributors",
    title = "Xiaoice --- Wikipedia{,} The Free Encyclopedia",
    year = "2018",
    url = "\url{https://en.wikipedia.org/w/index.php?title=Xiaoice&oldid=819194731}",
    note = "[Online; accessed 23-January-2018]"
  }


@ONLINE{curry2013betty,
author = {Curry, Collette and O'Shea, James and Crockett, Keeley and Brown, Laura},
year = {2013},
month = {04},
title = {Introducing a conversational agent named 'Betty'.}
}

@article{shawar2005using,
  title={Using corpora in machine-learning chatbot systems},
  author={Shawar, Bayan Abu and Atwell, Eric Steven},
  journal={International journal of corpus linguistics},
  volume={10},
  number={4},
  pages={489--516},
  year={2005},
  publisher={John Benjamins Publishing Company}
}

@misc{elharrar_2017,
	  title={7 Types of Bots â€“ Chatbots Magazine}, 
      url={https://chatbotsmagazine.com/7-types-of-bots-8e1846535698},
      journal={Chatbots Magazine}, publisher={Chatbots Magazine},
      author={Elharrar, Dotan},
      year={2017},
      month={Jan}
      }

@article{sarinho2017splimbo,
  title={SPLIMBo--Developing and Evaluating a Software Product Line for Cross-Platform IM Bots},
  author={Sarinho, Victor Travassos},
  journal={Journal on Advances in Theoretical and Applied Informatics},
  volume={3},
  number={2},
  pages={18--23},
  year={2017}
} 

@inproceedings{kiran2015lambda,
  title={Lambda architecture for cost-effective batch and speed big data processing},
  author={Kiran, Mariam and Murphy, Peter and Monga, Inder and Dugan, Jon and Baveja, Sartaj Singh},
  booktitle={Big Data (Big Data), 2015 IEEE International Conference on},
  pages={2785--2792},
  year={2015},
  organization={IEEE}
}

@misc{friedrich, 
	  title={JSON API}, 
      url={http://docs.chatfuel.com/plugins/plugin-documentation/json-api},
      journal={Chatfuel Documentation}, 
      author={Friedrich, Luca}}
      